@string{ap = {Ann. Phys.}}

@string{ams ={Ann. Math. Stat.}}

@string{aph = {Acta Phys.}}

@string{apj = {Astrophys. J.}}

@string{apjsup = {Astrophys. J. Suppl.}}

@string{apl = {Appl. Phys. Lett.}}

@string{app = {Astroparticle Phys.}}

@string{appl = {Astrophys. J. Lett.}}

@string{apss = {Astrophys. Space Sci.}}

@string{cpam = {Commun. Pure Appl. Math.}}

@string{cpc = {Comp. Phys. Comm.}}
@string{cr = {Chem. Rev.}}

@string{ieeeit = {IEEE Trans. Inf. Th.}}

@string{ieeens = {IEEE Trans. Nucl. Sci.}}

@string{ieeeps = {IEEE Trans. Plasma Sci.}}
@string{prieee = {Proc. IEEE}}
@string{prieeeold = {Proc. IRE}}

@string{ijimw = {Interntl. J. Infrared \& Millimeter Waves}}

@string{ijmpa = {Int. J. Mod. Phys. A}}

@string{inc = {Nuovo Cimento}}


@string{jap = {J. Appl. Phys.}}

@string{jasa = {J. Amer. Stat. Assoc.}}

@string{jcap = {J. Cosm. Astro. Phys.}}

@string{jcp = {J. Comp. Phys.}}
@string{jct = {J. Chem. Thermodyn.}}

@string{ji = {JINST}}

@string{jmp = {J. Math. Phys.}}

@string{jne = {J. Nucl. Energy}}

@string{jnec = {J. Nucl. Energy, C: Plasma Phys., Accelerators, Thermonucl. Res.}}

@string{jnm = {J. Nucl. Mat.}}

@string{jpc = {J. Phys. Chem.}}

@string{jpcrd = {J. Phys. Chem. Ref. Data}}

@string{jpcs = {J. Phys. Conf. Ser.}}
@string{jpg = {J. Phys. G: Nucl. Part. Phys.}}

@string{jpp = {J. Plasma Phys.}}

@string{jpsj = {J. Phys. Soc. Japan}}

@string{jsi = {J. Sci. Instrum.}}

@string{jvst = {J. Vac. Sci. \& Tech.}}
@string{mpla = {Mod. Phys. Lett. A}}

@string{nat = {Nature}}

@string{nature = {Nature}}

@string{nc = {Nuovo Cimento}}

@string{nedf = {Nucl. Eng. \& Design/Fusion}}

@string{nf = {Nucl. Fusion}}

@string{nim = {Nucl. Inst. \& Meth.}}

@string{nima = {Nucl. Inst. \& Meth. A}}

@string{nimb = {Nucl. Inst. \& Meth. B}}

@string{nimpr = {Nucl. Inst. \& Meth. in Phys. Res.}}

@string{np = {Nucl. Phys.}}

@string{npa = {Nucl. Phys. A}}

@string{npb = {Nucl. Phys. B}}

@string{nse = {Nucl. Sci. Eng.}}

@string{npbpc = {Nucl. Phys. B (Proc. Suppl.)}}

@string{nt/f = {Nucl. Tech./Fusion}}

@string{pan = {Phys. Atom. Nucl.}}

@string{pf = {Phys. Fluids}}

@string{pfa = {Phys. Fluids A: Fluid Dyn.}}

@string{pfb = {Phys. Fluids B: Plasma Phys.}}

@string{phitrsl = {Philos. Trans. Roy. Soc. London}}

@string{physrev = {Phys. Rev.}}

@string{pl = {Phys. Lett.}}

@string{pla = {Phys. Lett. A}}

@string{plb = {Phys. Lett. B}}

@string{pnas = {Proc. Nat. Acad. Sci. USA}}

@string{pp = {Phys. Plasmas}}

@string{ppcf = {Plasma Phys. \& Controlled Fusion}}

@string{pr = {Phys. Rev.}}

@string{pra = {Phys. Rev. A}}

@string{prb = {Phys. Rev. B}}

@string{prc = {Phys. Rev. C}}

@string{prd = {Phys. Rev. D}}

@string{pre = {Phys. Rev. E}}

@string{prep = {Phys. Rep.}}

@string{prl = {Phys. Rev. Lett.}}

@string{procrsl = {Proc. Roy. Soc. London}}

@string{ps = {Phys. Scripta}}

@string{rmp = {Rev. Mod. Phys.}}

@string{rsi = {Rev. Sci. Inst.}}

@article{Kastens:2009rt,
      author         = "Kastens, L.W. and Bedikian, S. and Cahn, S.B. and Manzur,
                        A. and McKinsey, D.N.",
      title          = "{A 83Krm Source for Use in Low-background Liquid Xenon
                        Time Projection Chambers}",
      journal        = "JINST",
      volume         = "5",
      pages          = "P05006",
      doi            = "10.1088/1748-0221/5/05/P05006",
      year           = "2010",
      eprint         = "0912.2337",
      archivePrefix  = "arXiv",
      primaryClass   = "physics.ins-det",
      SLACcitation   = "%%CITATION = ARXIV:0912.2337;%%",
}

@article{Miyake:1983,
      author         = "Miyake, H., and others",
      title          = "{Permeation, diffusion, and solution of hydrogen isotopes, methane, and inert gases in/through tetrafluoroethylene and polyethylene}",
      journal        = jvst,
      volume         = "1",
      pages          = "1447",
      year           = "1983",
}






